<?xml version="1.0" encoding="UTF-8"?><collection xmlns="http://www.loc.gov/MARC21/slim"><record><leader>00442nam--2200157-i-4500</leader><controlfield tag="001">000012801</controlfield><controlfield tag="002">20161230</controlfield><controlfield tag="005">20170304200405</controlfield><controlfield tag="008">060222s1000------------r-----000-0-eng-d</controlfield><datafield ind1=" " ind2=" " tag="100"><subfield code="a">Colwell, Morris A</subfield></datafield><datafield ind1=" " ind2=" " tag="245"><subfield code="a">Etude et realisation d ensembles electroniques</subfield></datafield><datafield ind1=" " ind2=" " tag="260"><subfield code="a">Paris</subfield><subfield code="b">Editions Eyrolles</subfield><subfield code="c">1978</subfield></datafield><datafield ind1=" " ind2=" " tag="300"><subfield code="a">100 p</subfield></datafield><datafield ind1=" " ind2=" " tag="490"><subfield code="a">Dans La Serie Manuels De L Amateur Electronicien</subfield></datafield><datafield ind1=" " ind2=" " tag="852"><subfield code="a">621.382</subfield></datafield><datafield ind1=" " ind2=" " tag="CAT"><subfield code="a">SYS</subfield><subfield code="c">20170304</subfield><subfield code="h">200405</subfield></datafield></record></collection>